@article{Celisse2017,
author = {Celisse, A. and Marot, G. and Pierre-Jean, M. and Rigaill, G.},
journal = {Computational Statistics and Data Analysis},
pages = {200--220},
title = {{New efficient algorithms for multiple change-point detection with reproducing kernels}},
volume = {128},
year = {2018}
}